@misc{bellaardaxiomatic,
      title={PDE-CNNs: Axiomatic Derivations and Applications}, 
      author={Gijs Bellaard and Sei Sakata and Bart M. N. Smets and Remco Duits},
      year=2024,
      eprint={2403.15182},
      archivePrefix={arXiv},
      primaryClass={cs.LG},
      urldate = {2025-03-31},
      url={https://arxiv.org/abs/2403.15182}, 
}
@article{smetspde,
  title={PDE-based group equivariant convolutional neural networks},
  author={Smets, Bart MN and Portegies, Jim and Bekkers, Erik J and Duits, Remco},
  journal={Journal of Mathematical Imaging and Vision},
  volume={65},
  number={1},
  pages={209--239},
  year=2023,
  publisher={Springer}
}

@article{thierrybsc,
	title = {Investigating the Parabolic Dilation as the Max Pooling Operation in Deep Learning},
	url = {https://scripties.uba.uva.nl/search?id=record_53154},
	author = {Blankenstein, Thierry},
	urldate = {2025-03-31},
	date = {2022-06-23},
	year=2022,
	langid = {english},
}

